
@article{desjardins_direct_2013,
	title = {Direct numerical and large-eddy simulation of primary atomization in complex geometries},
	volume = {23},
	issn = {1044-5110},
	language = {en},
	number = {11},
	urldate = {2014-05-30},
	journal = {Atomization and Sprays},
	author = {Desjardins, Olivier and McCaslin, Jeremy and Owkes, Mark and Brady, Peter},
	year = {2013},
	pages = {1001--1048},
}

@article{owkes_discontinuous_2013,
	title = {A discontinuous {G}alerkin conservative level set scheme for interface capturing in multiphase flows},
	volume = {249},
	issn = {0021-9991},
	number = {15},
	urldate = {2014-09-16},
	journal = {Journal of Computational Physics},
	author = {Owkes, Mark and Desjardins, Olivier},
	month = sep,
	year = {2013},
	pages = {275--302},
}

@article{owkes_computational_2014,
	title = {A computational framework for conservative, three-dimensional, unsplit, geometric transport with application to the volume-of-fluid ({VOF}) method},
	volume = {270},
	issn = {0021-9991},
	number = {1},
	urldate = {2014-05-06},
	journal = {Journal of Computational Physics},
	author = {Owkes, Mark and Desjardins, Olivier},
	month = aug,
	year = {2014},
	pages = {587--612},
}

@article{owkes_mesh-decoupled_2015,
	title = {A mesh-decoupled height function method for computing interface curvature},
	volume = {281},
	issn = {0021-9991},
	urldate = {2014-10-30},
	journal = {Journal of Computational Physics},
	author = {Owkes, Mark and Desjardins, Olivier},
	month = jan,
	year = {2015},
	pages = {285--300},
}